@misc{shtovba,
	title="Штовба, С. Д. Муравьиные алгоритмы // Exponenta Pro. --- 2003. --- № 4. --- С. 70--75"
}

@misc{salesman,
	title="Задача коммивояжера [Электронный ресурс]",
	howpublished="Режим доступа: \url{http://old.math.nsc.ru/LBRT/k5/OR-MMF/TSPr.pdf} (дата обращения: 12.02.2025)"
}

@misc{ulyanov,
	title="Ульянов, М. В. Ресурсно-эффективные компьютерные алгоритмы. Разработка и анализ // М.: Наука-Физматлит. --- 2007. --- С. 201–-207"
}

@misc{PythonBook,
	title="Лутц, Марк. Изучаем Python, том 1, 5-е изд. --- Пер. с англ. -- СПб.: ООО “Диалектика”, 2019. --- 832 с.",
	howpublished=""
}