@book{os,
	author    = {Abraham Silberschatz, James Peterson},
	title     = {Operating System Concepts},
	year      = {2018}
}

@book{multh,
	author    = {Энтони Уильямс},
	title     = {C++. Практика многопоточного программирования},
	year      = {2020}
}

@misc{soup,
	title = {Парсинг на Python с библиотекой Beautiful Soup.},
	howpublished = "[Электронный ресурс]. ~--- Режим доступа: \url{https://pythonru.com/biblioteki/parsing-na-python-s-beautiful-soup} (дата обращения: 05.02.2025)."
}